@inproceedings{wang2016gunrock,
  title={Gunrock: A high-performance graph processing library on the GPU},
  author={Wang, Yangzihao and Davidson, Andrew and Pan, Yuechao and Wu, Yuduo and Riffel, Andy and Owens, John D},
  booktitle={Proceedings of the 21st ACM SIGPLAN symposium on principles and practice of parallel programming},
  pages={1--12},
  year={2016}
}

@inproceedings{busato2018hornet,
  title={Hornet: An efficient data structure for dynamic sparse graphs and matrices on gpus},
  author={Busato, Federico and Green, Oded and Bombieri, Nicola and Bader, David A},
  booktitle={2018 IEEE High Performance extreme Computing Conference (HPEC)},
  pages={1--7},
  year={2018},
  organization={IEEE}
}

@inproceedings{shun2013ligra,
  title={Ligra: a lightweight graph processing framework for shared memory},
  author={Shun, Julian and Blelloch, Guy E},
  booktitle={Proceedings of the 18th ACM SIGPLAN symposium on Principles and practice of parallel programming},
  pages={135--146},
  year={2013}
}

@inproceedings{nguyen2013lightweight,
  title={A lightweight infrastructure for graph analytics},
  author={Nguyen, Donald and Lenharth, Andrew and Pingali, Keshav},
  booktitle={Proceedings of the twenty-fourth ACM symposium on operating systems principles},
  pages={456--471},
  year={2013}
}

@inproceedings{gabert2021pigo,
  title={PIGO: A parallel graph input/output library},
  author={Gabert, Kasimir and {\c{C}}ataly{\"u}rek, {\"U}mit V},
  booktitle={2021 IEEE International Parallel and Distributed Processing Symposium Workshops (IPDPSW)},
  pages={276--279},
  year={2021},
  organization={IEEE}
}

@inproceedings{lin2014mmap,
  title={Mmap: Fast billion-scale graph computation on a pc via memory mapping},
  author={Lin, Zhiyuan and Kahng, Minsuk and Sabrin, Kaeser Md and Chau, Duen Horng Polo and Lee, Ho and Kang, U},
  booktitle={2014 IEEE International Conference on Big Data (Big Data)},
  pages={159--164},
  year={2014},
  organization={IEEE}
}

@article{song2016efficient,
  title={Efficient memory-mapped I/O on fast storage device},
  author={Song, Nae Young and Son, Yongseok and Han, Hyuck and Yeom, Heon Young},
  journal={ACM Transactions on Storage (TOS)},
  volume={12},
  number={4},
  pages={1--27},
  year={2016},
  publisher={ACM New York, NY, USA}
}

@inproceedings{malliotakis2021hugemap,
  title={HugeMap: Optimizing Memory-Mapped I/O with Huge Pages for Fast Storage},
  author={Malliotakis, Ioannis and Papagiannis, Anastasios and Marazakis, Manolis and Bilas, Angelos},
  booktitle={Euro-Par 2020: Parallel Processing Workshops: Euro-Par 2020 International Workshops, Warsaw, Poland, August 24--25, 2020, Revised Selected Papers 26},
  pages={344--355},
  year={2021},
  organization={Springer}
}

@inproceedings{papagiannis2020optimizing,
  title={Optimizing memory-mapped $\{$I/O$\}$ for fast storage devices},
  author={Papagiannis, Anastasios and Xanthakis, Giorgos and Saloustros, Giorgos and Marazakis, Manolis and Bilas, Angelos},
  booktitle={2020 USENIX Annual Technical Conference (USENIX ATC 20)},
  pages={813--827},
  year={2020}
}

@article{van2015di,
  title={DI-MMAPâ€”a scalable memory-map runtime for out-of-core data-intensive applications},
  author={Van Essen, Brian and Hsieh, Henry and Ames, Sasha and Pearce, Roger and Gokhale, Maya},
  journal={Cluster Computing},
  volume={18},
  pages={15--28},
  year={2015},
  publisher={Springer}
}

@inproceedings{wang2019lgraph,
  title={LGraph: A unified data model and API for productive open-source hardware design},
  author={Wang, Sheng-Hong and Possignolo, Rafael Trapani and Chen, Qian and Ganpati, Rohan and Renau, Jose},
  booktitle={Proc. 2nd Workshop Open-Source EDA Technol.},
  year={2019}
}

@inproceedings{papagiannis2021memory,
  title={Memory-mapped I/O on steroids},
  author={Papagiannis, Anastasios and Marazakis, Manolis and Bilas, Angelos},
  booktitle={Proceedings of the Sixteenth European Conference on Computer Systems},
  pages={277--293},
  year={2021}
}

@inproceedings{alverti2022daxvm,
  title={DaxVM: Stressing the Limits of Memory as a File Interface},
  author={Alverti, Chloe and Karakostas, Vasileios and Kunati, Nikhita and Goumas, Georgios and Swift, Michael},
  booktitle={2022 55th IEEE/ACM International Symposium on Microarchitecture (MICRO)},
  pages={369--387},
  year={2022},
  organization={IEEE}
}

@inproceedings{song2012low,
  title={Low-latency memory-mapped i/o for data-intensive applications on fast storage devices},
  author={Song, Nae Young and Yu, Young Jin and Shin, Woong and Eom, Hyeonsang and Yeom, Heon Young},
  booktitle={2012 SC Companion: High Performance Computing, Networking Storage and Analysis},
  pages={766--770},
  year={2012},
  organization={IEEE}
}

@inproceedings{gualdron2016m,
  title={M-Flash: fast billion-scale graph computation using a bimodal block processing model},
  author={Gualdron, Hugo and Cordeiro, Robson and Rodrigues, Jose and Chau, Duen Horng and Kahng, Minsuk and Kang, U},
  booktitle={Machine Learning and Knowledge Discovery in Databases: European Conference, ECML PKDD 2016, Riva del Garda, Italy, September 19-23, 2016, Proceedings, Part II 16},
  pages={623--640},
  year={2016},
  organization={Springer}
}

@article{enberg2022transcending,
  title={Transcending POSIX: The End of an Era?},
  author={Enberg, Pekka and Rao, Ashwin and Crowcroft, Jon and Tarkoma, Sasu},
  journal={; login:},
  year={2022},
  publisher={USENIX Association}
}

@inproceedings{imamura2019poster,
  title={POSTER: AR-MMAP: Write Performance Improvement of Memory-Mapped File},
  author={Imamura, Satoshi and Yoshida, Eiji},
  booktitle={2019 28th International Conference on Parallel Architectures and Compilation Techniques (PACT)},
  pages={493--494},
  year={2019},
  organization={IEEE}
}

@inproceedings{li2019userland,
  title={Userland CO-PAGER: boosting data-intensive applications with non-volatile memory, userspace paging},
  author={Li, Feng and Waddington, Daniel G and Song, Fengguang},
  booktitle={Proceedings of the 3rd International Conference on High Performance Compilation, Computing and Communications},
  pages={78--83},
  year={2019}
}

@article{feng2023tricache,
  title={TriCache: A User-Transparent Block Cache Enabling High-Performance Out-of-Core Processing with In-Memory Programs},
  author={Feng, Guanyu and Cao, Huanqi and Zhu, Xiaowei and Yu, Bowen and Wang, Yuanwei and Ma, Zixuan and Chen, Shengqi and Chen, Wenguang},
  journal={ACM Transactions on Storage},
  volume={19},
  number={2},
  pages={1--30},
  year={2023},
  publisher={ACM New York, NY}
}

@article{leis2023virtual,
  title={Virtual-Memory Assisted Buffer Management},
  author={Leis, Viktor and Alhomssi, Adnan and Ziegler, Tobias and Loeck, Yannick and Dietrich, Christian},
  journal={Proceedings of the ACM on Management of Data},
  volume={1},
  number={1},
  pages={1--25},
  year={2023},
  publisher={ACM New York, NY, USA}
}

@inproceedings{yoshimura2019evfs,
  title={$\{$EvFS$\}$: User-level,$\{$Event-Driven$\}$ File System for $\{$Non-Volatile$\}$ Memory},
  author={Yoshimura, Takeshi and Chiba, Tatsuhiro and Horii, Hiroshi},
  booktitle={11th USENIX Workshop on Hot Topics in Storage and File Systems (HotStorage 19)},
  year={2019}
}

@inproceedings{kim2022blaze,
  title={Blaze: fast graph processing on fast SSDs},
  author={Kim, Juno and Swanson, Steven},
  booktitle={SC22: International Conference for High Performance Computing, Networking, Storage and Analysis},
  pages={1--15},
  year={2022},
  organization={IEEE}
}

@inproceedings{han2013turbograph,
  title={TurboGraph: a fast parallel graph engine handling billion-scale graphs in a single PC},
  author={Han, Wook-Shin and Lee, Sangyeon and Park, Kyungyeol and Lee, Jeong-Hoon and Kim, Min-Soo and Kim, Jinha and Yu, Hwanjo},
  booktitle={Proceedings of the 19th ACM SIGKDD international conference on Knowledge discovery and data mining},
  pages={77--85},
  year={2013}
}

@inproceedings{zhou2018graphz,
  title={Graphz: Improving the performance of large-scale graph analytics on small-scale machines},
  author={Zhou, Zhixuan and Hoffmann, Henry},
  booktitle={2018 IEEE 34th International Conference on Data Engineering (ICDE)},
  pages={1368--1371},
  year={2018},
  organization={IEEE}
}

@inproceedings{liu2017graphene,
  title={Graphene:$\{$Fine-Grained$\}$$\{$IO$\}$ Management for Graph Computing},
  author={Liu, Hang and Huang, H Howie},
  booktitle={15th USENIX Conference on File and Storage Technologies (FAST 17)},
  pages={285--300},
  year={2017}
}

@article{kolodziej2019suitesparse,
  title={The suitesparse matrix collection website interface},
  author={Kolodziej, Scott P and Aznaveh, Mohsen and Bullock, Matthew and David, Jarrett and Davis, Timothy A and Henderson, Matthew and Hu, Yifan and Sandstrom, Read},
  journal={Journal of Open Source Software},
  volume={4},
  number={35},
  pages={1244},
  year={2019}
}

@article{najeebullah2014bishard,
  title={Bishard parallel processor: A disk-based processing engine for billion-scale graphs},
  author={Najeebullah, Kamran and Khan, Kifayat Ullah and Nawaz, Waqas and Lee, Young-Koo},
  journal={International Journal of Multimedia and Ubiquitous Engineering},
  volume={9},
  number={2},
  pages={199--212},
  year={2014},
  publisher={Science and Engineering Research Support Society}
}

@inproceedings{kyrola2012graphchi,
  title={$\{$GraphChi$\}$:$\{$Large-Scale$\}$ graph computation on just a $\{$PC$\}$},
  author={Kyrola, Aapo and Blelloch, Guy and Guestrin, Carlos},
  booktitle={10th USENIX symposium on operating systems design and implementation (OSDI 12)},
  pages={31--46},
  year={2012}
}

@article{li2022efficient,
  title={An I/O-efficient disk-based graph system for scalable second-order random walk of large graphs},
  author={Li, Hongzheng and Shao, Yingxia and Du, Junping and Cui, Bin and Chen, Lei},
  journal={arXiv preprint arXiv:2203.16123},
  year={2022}
}

@inproceedings{cheng2015venus,
  title={VENUS: Vertex-centric streamlined graph computation on a single PC},
  author={Cheng, Jiefeng and Liu, Qin and Li, Zhenguo and Fan, Wei and Lui, John CS and He, Cheng},
  booktitle={2015 IEEE 31st International Conference on Data Engineering},
  pages={1131--1142},
  year={2015},
  organization={IEEE}
}

@inproceedings{roy2013x,
  title={X-stream: Edge-centric graph processing using streaming partitions},
  author={Roy, Amitabha and Mihailovic, Ivo and Zwaenepoel, Willy},
  booktitle={Proceedings of the Twenty-Fourth ACM Symposium on Operating Systems Principles},
  pages={472--488},
  year={2013}
}

@article{wang2021scaleg,
  title={Scaleg: A distributed disk-based system for vertex-centric graph processing},
  author={Wang, Xubo and Wen, Dong and Qin, Lu and Chang, Lijun and Zhang, Ying and Zhang, Wenjie},
  journal={IEEE Transactions on Knowledge and Data Engineering},
  volume={35},
  number={2},
  pages={2019--2033},
  year={2021},
  publisher={IEEE}
}

@inproceedings{kulkarni2007optimistic,
  title={Optimistic parallelism requires abstractions},
  author={Kulkarni, Milind and Pingali, Keshav and Walter, Bruce and Ramanarayanan, Ganesh and Bala, Kavita and Chew, L Paul},
  booktitle={Proceedings of the 28th ACM SIGPLAN Conference on Programming Language Design and Implementation},
  pages={211--222},
  year={2007}
}

@inproceedings{chi2016nxgraph,
  title={Nxgraph: An efficient graph processing system on a single machine},
  author={Chi, Yuze and Dai, Guohao and Wang, Yu and Sun, Guangyu and Li, Guoliang and Yang, Huazhong},
  booktitle={2016 IEEE 32nd International Conference on Data Engineering (ICDE)},
  pages={409--420},
  year={2016},
  organization={IEEE}
}

@inproceedings{vora2016load,
  title={Load the Edges You Need: A Generic $\{$I/O$\}$ Optimization for Disk-based Graph Processing},
  author={Vora, Keval and Xu, Guoqing and Gupta, Rajiv},
  booktitle={2016 USENIX Annual Technical Conference (USENIX ATC 16)},
  pages={507--522},
  year={2016}
}

@inproceedings{wang2013asynchronous,
  title={Asynchronous Large-Scale Graph Processing Made Easy.},
  author={Wang, Guozhang and Xie, Wenlei and Demers, Alan J and Gehrke, Johannes},
  booktitle={CIDR},
  volume={13},
  pages={3--6},
  year={2013}
}

@article{sanders2003fast,
  title={Fast concurrent access to parallel disks},
  author={Sanders and Egner and Korst},
  journal={Algorithmica},
  volume={35},
  pages={21--55},
  year={2003},
  publisher={Springer}
}

@article{wu2018redio,
  title={Redio: Accelerating Disk-Based Graph Processing by Reducing Disk I/Os},
  author={Wu, Chengwen and Zhang, Guangyan and Wang, Yang and Jiang, Xinyang and Zheng, Weimin},
  journal={IEEE Transactions on Computers},
  volume={68},
  number={3},
  pages={414--425},
  year={2018},
  publisher={IEEE}
}

@article{choudhary1994passion,
  title={PASSION: parallel and scalable software for input-output},
  author={Choudhary, Alok and Bordawekar, Rajesh and Harry, Michael and Krishnaiyer, Rakesh},
  year={1994}
}

@inproceedings{firmli2020csr++,
  title={Csr++: A fast, scalable, update-friendly graph data structure},
  author={Firmli, Soukaina and Trigonakis, Vasileios and Lozi, Jean-Pierre and Psaroudakis, Iraklis and Weld, Alexander and Chiadmi, Dalila and Hong, Sungpack and Chafi, Hassan},
  booktitle={24th International Conference on Principles of Distributed Systems (OPODIS'20)},
  year={2020}
}

@inproceedings{kallimanis2016wait,
  title={Wait-free concurrent graph objects with dynamic traversals},
  author={Kallimanis, Nikolaos D and Kanellou, Eleni},
  booktitle={19th International Conference on Principles of Distributed Systems (OPODIS 2015)},
  year={2016},
  organization={Schloss Dagstuhl-Leibniz-Zentrum fuer Informatik}
}

@article{staudt2016networkit,
  title={NetworKit: A tool suite for large-scale complex network analysis},
  author={Staudt, Christian L and Sazonovs, Aleksejs and Meyerhenke, Henning},
  journal={Network Science},
  volume={4},
  number={4},
  pages={508--530},
  year={2016},
  publisher={Cambridge University Press}
}

@inproceedings{madduri2009compact,
  title={Compact graph representations and parallel connectivity algorithms for massive dynamic network analysis},
  author={Madduri, Kamesh and Bader, David A},
  booktitle={2009 IEEE International Symposium on Parallel \& Distributed Processing},
  pages={1--11},
  year={2009},
  organization={IEEE}
}

@inproceedings{ediger2011tracking,
  title={Tracking structure of streaming social networks},
  author={Ediger, David and Riedy, Jason and Bader, David A and Meyerhenke, Henning},
  booktitle={2011 IEEE International Symposium on Parallel and Distributed Processing Workshops and Phd Forum},
  pages={1691--1699},
  year={2011},
  organization={IEEE}
}

@inproceedings{wheatman2018packed,
  title={Packed compressed sparse row: A dynamic graph representation},
  author={Wheatman, Brian and Xu, Helen},
  booktitle={2018 IEEE High Performance extreme Computing Conference (HPEC)},
  pages={1--7},
  year={2018},
  organization={IEEE}
}

@inproceedings{zhu2015gridgraph,
  title={$\{$GridGraph$\}$:$\{$Large-Scale$\}$ Graph Processing on a Single Machine Using 2-Level Hierarchical Partitioning},
  author={Zhu, Xiaowei and Han, Wentao and Chen, Wenguang},
  booktitle={2015 USENIX Annual Technical Conference (USENIX ATC 15)},
  pages={375--386},
  year={2015}
}

@inproceedings{kuo1998efficient,
  title={Efficient I/O of grid hierarchies for AMR computations on parallel disks},
  author={Kuo, S and Winslett, Marianne and Chen, Ying and Cho, Yong},
  booktitle={Proceedings. Tenth International Conference on Scientific and Statistical Database Management (Cat. No. 98TB100243)},
  pages={12--21},
  year={1998},
  organization={IEEE}
}

@article{ai2018clip,
  title={Clip: A disk I/O focused parallel out-of-core graph processing system},
  author={Ai, Zhiyuan and Zhang, Mingxing and Wu, Yongwei and Qian, Xuehai and Chen, Kang and Zheng, Weimin},
  journal={IEEE Transactions on Parallel and Distributed Systems},
  volume={30},
  number={1},
  pages={45--62},
  year={2018},
  publisher={IEEE}
}

@inproceedings{ai2017squeezing,
  title={Squeezing out All the Value of Loaded Data: An Out-of-core Graph Processing System with Reduced Disk $\{$I/O$\}$},
  author={Ai, Zhiyuan and Zhang, Mingxing and Wu, Yongwei and Qian, Xuehai and Chen, Kang and Zheng, Weimin},
  booktitle={2017 USENIX annual technical conference (USENIX ATC 17)},
  pages={125--137},
  year={2017}
}

@inproceedings{jun2018grafboost,
  title={GraFBoost: Using accelerated flash storage for external graph analytics},
  author={Jun, Sang-Woo and Wright, Andy and Zhang, Sizhuo and Xu, Shuotao and others},
  booktitle={2018 ACM/IEEE 45th Annual International Symposium on Computer Architecture (ISCA)},
  pages={411--424},
  year={2018},
  organization={IEEE}
}

@inproceedings{ma2017garaph,
  title={Garaph: Efficient $\{$GPU-accelerated$\}$ Graph Processing on a Single Machine with Balanced Replication},
  author={Ma, Lingxiao and Yang, Zhi and Chen, Han and Xue, Jilong and Dai, Yafei},
  booktitle={2017 USENIX Annual Technical Conference (USENIX ATC 17)},
  pages={195--207},
  year={2017}
}

@inproceedings{maass2017mosaic,
  title={Mosaic: Processing a trillion-edge graph on a single machine},
  author={Maass, Steffen and Min, Changwoo and Kashyap, Sanidhya and Kang, Woonhak and Kumar, Mohan and Kim, Taesoo},
  booktitle={Proceedings of the Twelfth European Conference on Computer Systems},
  pages={527--543},
  year={2017}
}

@article{zhang2018wonderland,
  title={Wonderland: A novel abstraction-based out-of-core graph processing system},
  author={Zhang, Mingxing and Wu, Yongwei and Zhuo, Youwei and Qian, Xuehai and Huan, Chengying and Chen, Kang},
  journal={ACM SIGPLAN Notices},
  volume={53},
  number={2},
  pages={608--621},
  year={2018},
  publisher={ACM New York, NY, USA}
}

@inproceedings{zheng2015flashgraph,
  title={$\{$FlashGraph$\}$: Processing $\{$Billion-Node$\}$ graphs on an array of commodity $\{$SSDs$\}$},
  author={Zheng, Da and Mhembere, Disa and Burns, Randal and Vogelstein, Joshua and Priebe, Carey E and Szalay, Alexander S},
  booktitle={13th USENIX Conference on File and Storage Technologies (FAST 15)},
  pages={45--58},
  year={2015}
}

@inproceedings{roy2015chaos,
  title={Chaos: Scale-out graph processing from secondary storage},
  author={Roy, Amitabha and Bindschaedler, Laurent and Malicevic, Jasmina and Zwaenepoel, Willy},
  booktitle={Proceedings of the 25th Symposium on Operating Systems Principles},
  pages={410--424},
  year={2015}
}

@inproceedings{vora2019lumos,
  title={$\{$LUMOS$\}$:$\{$Dependency-Driven$\}$ Disk-based Graph Processing},
  author={Vora, Keval},
  booktitle={2019 USENIX Annual Technical Conference (USENIX ATC 19)},
  pages={429--442},
  year={2019}
}

@inproceedings{peng2018graphphi,
  title={Graphphi: efficient parallel graph processing on emerging throughput-oriented architectures},
  author={Peng, Zhen and Powell, Alexander and Wu, Bo and Bicer, Tekin and Ren, Bin},
  booktitle={Proceedings of the 27th International Conference on Parallel Architectures and Compilation Techniques},
  pages={1--14},
  year={2018}
}

@inproceedings{kim2014opt,
  title={OPT: A new framework for overlapped and parallel triangulation in large-scale graphs},
  author={Kim, Jinha and Han, Wook-Shin and Lee, Sangyeon and Park, Kyungyeol and Yu, Hwanjo},
  booktitle={Proceedings of the 2014 ACM SIGMOD international conference on Management of data},
  pages={637--648},
  year={2014}
}

@inproceedings{kim2016dualsim,
  title={Dualsim: Parallel subgraph enumeration in a massive graph on a single machine},
  author={Kim, Hyeonji and Lee, Juneyoung and Bhowmick, Sourav S and Han, Wook-Shin and Lee, JeongHoon and Ko, Seongyun and Jarrah, Moath HA},
  booktitle={Proceedings of the 2016 International Conference on Management of Data},
  pages={1231--1245},
  year={2016}
}

@article{beamer2015gap,
  title={The GAP benchmark suite},
  author={Beamer, Scott and Asanovi{\'c}, Krste and Patterson, David},
  journal={arXiv preprint arXiv:1508.03619},
  year={2015}
}

@article{yang2022graphblast,
  title={GraphBLAST: A high-performance linear algebra-based graph framework on the GPU},
  author={Yang, Carl and Bulu{\c{c}}, Ayd{\i}n and Owens, John D},
  journal={ACM Transactions on Mathematical Software (TOMS)},
  volume={48},
  number={1},
  pages={1--51},
  year={2022},
  publisher={ACM New York, NY}
}

@inproceedings{tavakkol2018mqsim,
  title={$\{$MQSim$\}$: A framework for enabling realistic studies of modern $\{$Multi-Queue$\}$$\{$SSD$\}$ devices},
  author={Tavakkol, Arash and G{\'o}mez-Luna, Juan and Sadrosadati, Mohammad and Ghose, Saugata and Mutlu, Onur},
  booktitle={16th USENIX Conference on File and Storage Technologies (FAST 18)},
  pages={49--66},
  year={2018}
}

@inproceedings{patterson1988case,
  title={A case for redundant arrays of inexpensive disks (RAID)},
  author={Patterson, David A and Gibson, Garth and Katz, Randy H},
  booktitle={Proceedings of the 1988 ACM SIGMOD international conference on Management of data},
  pages={109--116},
  year={1988}
}

@inproceedings{jung2020openexpress,
  title={$\{$OpenExpress$\}$: Fully hardware automated open research framework for future fast $\{$NVMe$\}$ devices},
  author={Jung, Myoungsoo},
  booktitle={2020 USENIX Annual Technical Conference (USENIX ATC 20)},
  pages={649--656},
  year={2020}
}

@inproceedings{mathur2007new,
  title={The new ext4 filesystem: current status and future plans},
  author={Mathur, Avantika and Cao, Mingming and Bhattacharya, Suparna and Dilger, Andreas and Tomas, Alex and Vivier, Laurent},
  booktitle={Proceedings of the Linux symposium},
  volume={2},
  pages={21--33},
  year={2007},
  organization={Citeseer}
}
